<record><leader>00000cas a22000007a 4500</leader><controlfield tag="001">1589033</controlfield><controlfield tag="008">750901d19311953mnuwr ne      0    0eng d</controlfield><datafield ind1=" " ind2=" " tag="010"><subfield code="a">sn 90059259 </subfield></datafield><datafield ind1=" " ind2=" " tag="040"><subfield code="a">MUL</subfield><subfield code="b">eng</subfield><subfield code="c">MUL</subfield><subfield code="d">MN#</subfield><subfield code="d">OCLCQ</subfield><subfield code="d">OCLCF</subfield><subfield code="d">OCLCO</subfield></datafield><datafield ind1="1" ind2=" " tag="029"><subfield code="a">AU@</subfield><subfield code="b">000025879474</subfield></datafield><datafield ind1=" " ind2=" " tag="042"><subfield code="a">msc</subfield></datafield><datafield ind1=" " ind2=" " tag="043"><subfield code="a">n-us-mn</subfield></datafield><datafield ind1=" " ind2=" " tag="052"><subfield code="a">4144</subfield><subfield code="b">H22</subfield></datafield><datafield ind1=" " ind2=" " tag="052"><subfield code="a">4143</subfield><subfield code="b">N7</subfield></datafield><datafield ind1="0" ind2="0" tag="245"><subfield code="a">Western Norman County journal review.</subfield></datafield><datafield ind1=" " ind2=" " tag="260"><subfield code="a">Halstad, Norman County, Minn. :</subfield><subfield code="b">Carl A. Smaby</subfield></datafield><datafield ind1=" " ind2=" " tag="300"><subfield code="a">v.</subfield></datafield><datafield ind1=" " ind2=" " tag="310"><subfield code="a">Weekly</subfield></datafield><datafield ind1="1" ind2=" " tag="362"><subfield code="a">Began in 1931; ceased in Sept. 1953.</subfield></datafield><datafield ind1=" " ind2=" " tag="530"><subfield code="a">Available on microfilm from the Minnesota Historical Society.</subfield></datafield><datafield ind1=" " ind2=" " tag="588"><subfield code="a">Description based on: Vol. 37, no. 7 (Oct. 16, 1931).</subfield></datafield><datafield ind1=" " ind2="0" tag="651"><subfield code="a">Halstad (Minn.)</subfield><subfield code="v">Newspapers.</subfield></datafield><datafield ind1=" " ind2="7" tag="655"><subfield code="a">Newspapers.</subfield><subfield code="2">fast</subfield><subfield code="0">(OCoLC)fst01423814</subfield></datafield><datafield ind1=" " ind2="7" tag="651"><subfield code="a">Minnesota</subfield><subfield code="z">Halstad.</subfield><subfield code="2">fast</subfield><subfield code="0">(OCoLC)fst01254454</subfield></datafield><datafield ind1=" " ind2=" " tag="752"><subfield code="a">United States</subfield><subfield code="b">Minnesota</subfield><subfield code="c">Norman</subfield><subfield code="d">Halstad.</subfield></datafield><datafield ind1="0" ind2="4" tag="780"><subfield code="t">Halstad journal</subfield></datafield><datafield ind1="0" ind2="4" tag="780"><subfield code="t">Hendrum Red River review</subfield></datafield><datafield ind1="0" ind2="4" tag="785"><subfield code="t">Valley journal (Halstad, Minn.)</subfield><subfield code="w">(DLC)sn 90059260</subfield></datafield></record>